<record><leader>00000cas a22000007a 4500</leader><controlfield tag="001">21947325</controlfield><controlfield tag="008">900629d19101913gauwr ne      0    0eng d</controlfield><datafield ind1=" " ind2=" " tag="010"><subfield code="a">sn 90052273 </subfield></datafield><datafield ind1=" " ind2=" " tag="040"><subfield code="a">NLG</subfield><subfield code="b">eng</subfield><subfield code="c">NLG</subfield><subfield code="d">GUA</subfield><subfield code="d">OCLCQ</subfield><subfield code="d">OCLCF</subfield><subfield code="d">OCLCO</subfield></datafield><datafield ind1="1" ind2=" " tag="029"><subfield code="a">AU@</subfield><subfield code="b">000025856561</subfield></datafield><datafield ind1=" " ind2=" " tag="042"><subfield code="a">msc</subfield></datafield><datafield ind1=" " ind2=" " tag="043"><subfield code="a">n-us-ga</subfield></datafield><datafield ind1="0" ind2="0" tag="245"><subfield code="a">Laurens County herald.</subfield></datafield><datafield ind1=" " ind2=" " tag="260"><subfield code="a">Dublin, Ga. :</subfield><subfield code="b">Dublin Print. Co.</subfield></datafield><datafield ind1=" " ind2=" " tag="300"><subfield code="a">v.</subfield></datafield><datafield ind1=" " ind2=" " tag="310"><subfield code="a">Weekly</subfield></datafield><datafield ind1="1" ind2=" " tag="362"><subfield code="a">Began in 1910?</subfield></datafield><datafield ind1="0" ind2=" " tag="362"><subfield code="a">-v. 36 (Aug. 7, 1913).</subfield></datafield><datafield ind1=" " ind2=" " tag="530"><subfield code="a">Also on microfilm: Athens, Ga. : University of Georgia Libraries.</subfield></datafield><datafield ind1=" " ind2=" " tag="580"><subfield code="a">Merged with: Dublin courier-dispatch, to form: Dublin courier-herald and dispatch.</subfield></datafield><datafield ind1=" " ind2=" " tag="588"><subfield code="a">Description based on: Vol. 3, no. 4 (Apr. 11, 1912).</subfield></datafield><datafield ind1=" " ind2="0" tag="651"><subfield code="a">Dublin (Ga.)</subfield><subfield code="v">Newspapers.</subfield></datafield><datafield ind1=" " ind2="0" tag="651"><subfield code="a">Laurens County (Ga.)</subfield><subfield code="v">Newspapers.</subfield></datafield><datafield ind1=" " ind2="7" tag="655"><subfield code="a">Newspapers.</subfield><subfield code="2">fast</subfield><subfield code="0">(OCoLC)fst01423814</subfield></datafield><datafield ind1=" " ind2="7" tag="651"><subfield code="a">Georgia</subfield><subfield code="z">Dublin.</subfield><subfield code="2">fast</subfield><subfield code="0">(OCoLC)fst01217559</subfield></datafield><datafield ind1=" " ind2="7" tag="651"><subfield code="a">Georgia</subfield><subfield code="z">Laurens County.</subfield><subfield code="2">fast</subfield><subfield code="0">(OCoLC)fst01217557</subfield></datafield><datafield ind1=" " ind2=" " tag="752"><subfield code="a">United States</subfield><subfield code="b">Georgia</subfield><subfield code="c">Laurens</subfield><subfield code="d">Dublin.</subfield></datafield><datafield ind1="1" ind2="7" tag="785"><subfield code="t">Dublin courier-dispatch</subfield><subfield code="w">(DLC)sn 90052272</subfield><subfield code="w">(OCoLC)21947272</subfield></datafield><datafield ind1="1" ind2="7" tag="785"><subfield code="t">Dublin courier-herald and dispatch</subfield><subfield code="w">(DLC)sn 90052275</subfield><subfield code="w">(OCoLC)21946949</subfield></datafield></record>